<record xmlns='http://www.loc.gov/MARC21/slim'><leader>01414cim a22003612u 4500</leader><controlfield tag='001'>3602582</controlfield><controlfield tag='005'>20151214183144.0</controlfield><controlfield tag='007'>ss|lmnjluz|nuu</controlfield><controlfield tag='008'>991101s1978    nyunnn         l    eng d</controlfield><datafield ind1=' ' ind2=' ' tag='035'><subfield code='a'>(NIC)notisASF9647</subfield></datafield><datafield ind1=' ' ind2=' ' tag='035'><subfield code='a'>3602582</subfield></datafield><datafield ind1=' ' ind2=' ' tag='035'><subfield code='a'>(OCoLC)63899605</subfield></datafield><datafield ind1=' ' ind2=' ' tag='040'><subfield code='a'>NIC</subfield><subfield code='c'>NIC</subfield><subfield code='d'>NIC</subfield><subfield code='d'>NIC</subfield></datafield><datafield ind1='1' ind2=' ' tag='100'><subfield code='a'>Morrison, Toni.</subfield></datafield><datafield ind1='1' ind2='0' tag='245'><subfield code='a'>Toni Morrison reads her work</subfield><subfield code='h'>[sound recording]</subfield></datafield><datafield ind1=' ' ind2=' ' tag='300'><subfield code='a'>1 sound cassette :</subfield><subfield code='b'>analog, mono.</subfield></datafield><datafield ind1=' ' ind2=' ' tag='500'><subfield code='a'>Recorded in Ithaca, NY by Cornell University.</subfield></datafield><datafield ind1=' ' ind2=' ' tag='500'><subfield code='a'>Speaker(s): Author;  professor at Howard University;  Cornell alumnus.</subfield></datafield><datafield ind1=' ' ind2=' ' tag='518'><subfield code='a'>Reading and Lecture.</subfield></datafield><datafield ind1=' ' ind2=' ' tag='520'><subfield code='a'>Toni Morrison gives a talk entitled, &quot;A Matter of Fiction,&quot; which discusses why people write and read fiction, specifically relating her own motivations. Morrison focuses on the preservation of the oral tradition as her primary motivation.</subfield></datafield><datafield ind1=' ' ind2=' ' tag='540'><subfield code='a'>No reproductions authorized.</subfield></datafield><datafield ind1=' ' ind2='0' tag='650'><subfield code='a'>Fiction</subfield><subfield code='y'>20th century.</subfield></datafield><datafield ind1=' ' ind2='0' tag='650'><subfield code='a'>Fiction</subfield><subfield code='x'>Women authors.</subfield></datafield><datafield ind1=' ' ind2='0' tag='650'><subfield code='a'>Writing.</subfield></datafield><datafield ind1='1' ind2='0' tag='600'><subfield code='a'>Morrison, Toni.</subfield></datafield><datafield ind1='1' ind2='7' tag='600'><subfield code='a'>Morrison, Toni</subfield><subfield code='2'>fast</subfield><subfield code='0'>(OCoLC)fst00062028</subfield></datafield><datafield ind1=' ' ind2='7' tag='648'><subfield code='a'>1900 - 1999</subfield><subfield code='2'>fast</subfield></datafield><datafield ind1=' ' ind2='7' tag='650'><subfield code='a'>Fiction</subfield><subfield code='2'>fast</subfield><subfield code='0'>(OCoLC)fst00923709</subfield></datafield><datafield ind1=' ' ind2='7' tag='650'><subfield code='a'>Fiction</subfield><subfield code='x'>Women authors</subfield><subfield code='2'>fast</subfield><subfield code='0'>(OCoLC)fst00923769</subfield></datafield><datafield ind1=' ' ind2='7' tag='650'><subfield code='a'>Writing</subfield><subfield code='2'>fast</subfield><subfield code='0'>(OCoLC)fst01181638</subfield></datafield><datafield ind1='1' ind2=' ' tag='899'><subfield code='a'>CULectures</subfield></datafield><datafield ind1=' ' ind2=' ' tag='905'><subfield code='a'>20000331120000.0</subfield></datafield><datafield ind1='2' ind2=' ' tag='948'><subfield code='a'>20141221</subfield><subfield code='b'>m</subfield><subfield code='d'>batch</subfield><subfield code='e'>lts</subfield><subfield code='x'>addfast</subfield></datafield></record>